<record><leader>00000cas a22000007a 4500</leader><controlfield tag="001">17887129</controlfield><controlfield tag="008">880503d190319uunyusn ne      0    0eng d</controlfield><datafield ind1=" " ind2=" " tag="010"><subfield code="a">sn 88074170 </subfield></datafield><datafield ind1=" " ind2=" " tag="040"><subfield code="a">NYG</subfield><subfield code="b">eng</subfield><subfield code="c">NYG</subfield><subfield code="d">NYS</subfield><subfield code="d">OCLCQ</subfield></datafield><datafield ind1=" " ind2=" " tag="042"><subfield code="a">msc</subfield></datafield><datafield ind1="0" ind2="0" tag="245"><subfield code="a">Cragsmoor journal.</subfield></datafield><datafield ind1=" " ind2=" " tag="260"><subfield code="a">Cragsmoor, N.Y. :</subfield><subfield code="b">H.M.S. Albert and P. Schenck</subfield></datafield><datafield ind1=" " ind2=" " tag="300"><subfield code="a">v.</subfield></datafield><datafield ind1=" " ind2=" " tag="310"><subfield code="a">Semimonthly (summer months),</subfield><subfield code="b">July 1910-</subfield></datafield><datafield ind1=" " ind2=" " tag="321"><subfield code="a">Monthly (summer months),</subfield><subfield code="b">1903-1909</subfield></datafield><datafield ind1="1" ind2=" " tag="362"><subfield code="a">Began in 1903?</subfield></datafield><datafield ind1=" " ind2=" " tag="500"><subfield code="a">Special Christmas number occasionally published.</subfield></datafield><datafield ind1=" " ind2=" " tag="588"><subfield code="a">Description based on: Aug. 14, 1903.</subfield></datafield><datafield ind1=" " ind2="4" tag="651"><subfield code="a">Cragsmoor (N.Y.)</subfield><subfield code="v">Newspapers.</subfield></datafield><datafield ind1=" " ind2=" " tag="752"><subfield code="a">United States</subfield><subfield code="b">New York</subfield><subfield code="c">Ulster</subfield><subfield code="d">Cragsmoor.</subfield></datafield></record>